%---------------------------------------------------------------------------%
%-                                                                         -%
%-                             Bibliography                                -%
%-                                                                         -%
%---------------------------------------------------------------------------%
@article{Coldren2012Diode,
  title={Diode Lasers and Photonic Integrated Circuits, Second Edition},
  author={Coldren, Larry A. and Corzine, Scott W. and Mašanović, Milan L.},
  journal={Optical Engineering},
  volume={36},
  number={36},
  pages={616},
  year={2012},
} %1

@book{Reed2005Silicon,
  title={Silicon Photonics: An Introduction},
  author={Reed, Graham T. and Knights, Andrew P.},
  year={2005},
} %2

@article{Soref2007The,
  title={The Past, Present, and Future of Silicon Photonics},
  author={Soref, Richard},
  journal={IEEE Journal of Selected Topics in Quantum Electronics},
  volume={12},
  number={6},
  pages={1678-1687},
  year={2007},
} %3

@article{Takato1988Silica,
  title={Silica-based single-mode waveguides on silicon and theirapplication to guided},
  author={Takato, N. and Jinguji, K. and Yasu, M. and Toba, H. and Kawachi, M. and Takato, N. and Jinguji, K. and Yasu, M. and Toba, H. and Kawachi, M.},
  journal={Journal of Lightwave Technology},
  volume={6},
  number={6},
  pages={1003-1010},
  year={1988},
} %4

@article{Alberto2008Silica,
  title={Silica-on-silicon waveguide quantum circuits},
  author={Alberto, Politi. and Cryan, Martin J. and Rarity, John G. and Siyuan, Yu. and O'Brien, Jeremy L.},
  journal={Science},
  volume={320},
  number={5876},
  pages={646-649},
  year={2008},
} %5

@book{Toney2015Lithium,
  title={Lithium niobate photonics},
  author={James E. Toney},
  year={2015},
} %6

@article{Binetti2012Indium,
  title={Indium Phosphide Photonic Integrated Circuits for Coherent Optical Links},
  author={Binetti, Pietro R. A. and Lu, Mingzhi and Norberg, Erik J. and Guzzon, Robert S. and Parker, John S. and Sivananthan, Abirami and Bhardwaj, Ashish and Johansson, Leif A and Rodwell, Mark J. and Coldren, Larry A},
  journal={IEEE Journal of Quantum Electronics},
  volume={48},
  number={2},
  pages={279-291},
  year={2012},
} %7 

@article{Lockwood2004Silicon,
  title={Silicon Fundamentals for Photonics Applications},
  author={Lockwood, David and Pavesi, Lorenzo and Pavesi, Lorenzo and Lockwood, David and Pavesi, Lorenzo and Lockwood, David},
  journal={Topics in Applied Physics},
  volume={94},
  pages={1-50},
  year={2004},
} %8

@article{Wissem2014Bridging,
  title={Bridging the gap between optical fibers and silicon photonic integrated circuits},
  author={Wissem Sfar, Zaoui and Andreas, Kunze and Wolfgang, Vogel and Manfred, Berroth and J?Rg, Butschke and Florian, Letzkus and Joachim, Burghartz},
  journal={Optics Express},
  volume={22},
  number={2},
  pages={1277-86},
  year={2014},
} %9

@article{Miller2010Optical,
  title={Optical interconnects to electronic chips},
  author={Miller, David A B.},
  journal={Applied Optics},
  volume={49},
  number={25},
  pages={59-70},
  year={2010},
} %10

@article{Kish2011Current,
  title={Current Status of Large-Scale InP Photonic Integrated Circuits},
  author={Kish, F. A and Welch, D and Nagarajan, R and Pleumeekers, J. L and Lal, V and Ziari, M and Nilsson, A and Kato, M and Murthy, S and Evans, P},
  journal={IEEE Journal of Selected Topics in Quantum Electronics},
  volume={17},
  number={6},
  pages={1470-1489},
  year={2011},
} %11

@book{Reed2008Silicon,
  title={Silicon Photonics: The State of the Art},
  author={Reed, Graham T.},
  year={2008},
} %12

@Misc{top500,
howpublished = {\url{https://www.top500.org/}},
title = {site},
year={2019},
author={TOP500},
} %13

@Misc{42years,
howpublished = {\url{https://www.karlrupp.net/2018/02/42-years-of-microprocessor-trend-data//}},
title = {two years of microprocessor trend data},
year={2019},
author={Forty },
} %14

@Misc{42yearsgit,
howpublished = {\url{https://github.com/karlrupp/microprocessor-trend-data}},
title = {two years of microprocessor trend data sources},
year={2019},
author={Forty},
} %15

@article{Liu2017Training,
  title={Training deep neural networks for the inverse design of nanophotonic structures},
  author={Liu, Dianjing. and Tan, Yixuan. and Yu, Zongfu.},
  journal={Acs Photonics},
  volume={5},
  number={4},
  pages={1365-1369},
  year={2017},
} %16

@article{Vu2013Nanophotonic,
  title={Nanophotonic computational design},
  author={Vučković, Jelena and Lu, Jesse},
  journal={Optics Express},
  volume={21},
  number={11},
  pages={13351-13367},
  year={2013},
} %17

@book{Lu2013Objective,
  title={Objective-First Nanophotonic Design},
  author={Lu, Jesse and Vuckovic, Jelena},
  year={2013},
} %18

@article{Molesky2018Outlook,
  title={Outlook for inverse design in nanophotonics},
  author={Molesky, Sean and Lin, Zin and Piggott, Alexander Y. and Jin, Weiliang and Rodriguez, Alejandro W.},
  journal={Nature Photonics},
  volume={12},
  number={11},
  pages={659-670},
  year={2018},
} %19

@article{Xing2018All,
  title={All-Optical Machine Learning Using Diffractive Deep Neural Networks},
  author={Xing, Lin and Rivenson, Yair and Yardimci, Nezih T. and Veli, Muhammed and Ozcan, Aydogan},
  journal={Science},
  volume={361},
  number={6406},
  pages={eaat8084-},
  year={2018},
} %20

@article{Piggott2015Inverse,
  title={Inverse design and demonstration of a compact and broadband on-chip wavelength demultiplexer},
  author={Piggott, Alexander Y. and Lu, Jesse and Lagoudakis, Konstantinos G. and Petykiewicz, Jan and Babinec, Thomas M. and Vučković, Jelena},
  journal={Nature Photonics},
  volume={9},
  number={6},
  pages={374-377},
  year={2015},
} %21

@article{Staude2017Metamaterial,
    author = {Staude, Isabelle and Schilling, Jorg},
    day = {28},
    doi = {10.1038/nphoton.2017.39},
    issn = {1749-4885},
    journal = {Nature Photonics},
    keywords = {metamaterials, metasurfaces, review},
    month = apr,
    number = {5},
    pages = {274--284},
    posted-at = {2017-04-28 14:13:02},
    priority = {2},
    publisher = {Nature Research},
    title = {{Metamaterial-inspired silicon nanophotonics}},
    url = {http://dx.doi.org/10.1038/nphoton.2017.39},
    volume = {11},
    year = {2017}
} %22

@article{Yang2015On,
  title={On-chip zero-index metamaterials},
  author={Yang, Li and Kita, Shota and Muñoz, Philip and Reshef, Orad and Vulis, Daryl I. and Mei, Yin and Lončar, Marko and Mazur, Eric},
  journal={Nature Photonics},
  volume={9},
  number={11},
  pages={738-742},
  year={2015},
} %23

@article{Su2017Inverse,
  title={Inverse design and demonstration of a compact on-chip narrowband three-channel wavelength demultiplexer},
  author={Su, Logan and Piggott, Alexander Y. and Sapra, Neil V. and Petykiewicz, Jan and Vučković, Jelena and Su, Logan and Piggott, Alexander Y. and Sapra, Neil V. and Petykiewicz, Jan and Vučković, Jelena},
  journal={Acs Photonics},
  volume={5},
  number={2},
  pages={acsphotonics.7b00987},
  year={2017},
} %24

@article{Folkert2013Cascaded,
  title={Cascaded Mach-Zehnder wavelength filters in silicon photonics for low loss and flat pass-band WDM (de-)multiplexing},
  author={Folkert, Horst. and Green, William M J. and Solomon, Assefa. and Shank, Steven M. and Vlasov, Yurii A. and Bert Jan, Offrein.},
  journal={Optics Express},
  volume={21},
  number={10},
  pages={11652-11658},
  year={2013},
} %25

@article{Ohana2016Dielectric,
  title={Dielectric Metasurface as a Platform for Spatial Mode Conversion in Nanoscale Waveguides},
  author={Ohana, D and Desiatov, B and Mazurski, N and Levy, U},
  journal={Nano Letters},
  volume={16},
  number={12},
  pages={7956-7961},
  year={2016},
} %26

@article{Jing2015Broadband,
  title={Broadband and fabrication-tolerant on-chip scalable mode-division multiplexing based on mode-evolution counter-tapered couplers},
  author={Jing, Wang and Yi, Xuan and Minghao, Qi and Haiyang, Huang and You, Li and Ming, Li and Xin, Chen and Zhen, Sheng and Aimin, Wu and Wei, Li},
  journal={Optics Letters},
  volume={40},
  number={9},
  pages={1956-1959},
  year={2015},
} %27

@article{Yang2013Ultralow,
  title={Ultralow-loss silicon waveguide crossing using Bloch modes in index-engineered cascaded multimode-interference couplers},
  author={Yang, Zhang. and Amir, Hosseini. and Xiaochuan, Xu. and David, Kwong. and Chen, Ray T.},
  journal={Optics Letters},
  volume={38},
  number={18},
  pages={3608-3611},
  year={2013},
} %28

@article{Cui2017Genetic,
  title={Genetic-algorithm-optimized wideband on-chip polarization rotator with an ultrasmall footprint},
  author={Cui, Haoran and Sun, Xiankai and Yu, Zejie},
  journal={Optics Letters},
  volume={42},
  number={16},
  pages={3093},
  year={2017},
} %29

@article{Bock2010Subwavelength,
  title={Subwavelength grating periodic structures in silicon-on-insulator: a new type of microphotonic waveguide},
  author={Bock, Przemek J. and Pavel, Cheben. and Schmid, Jens H. and Jean, Lapointe. and André, Delage. and Siegfried, Janz. and Aers. Geof C. and Dan-Xia, Xu. and Adam, Densmore. and Hall, Trevor J.},
  journal={Optics Express},
  volume={18},
  number={19},
  pages={20251-20262},
  year={2010},
} %30

@article{Bing2015An,
  title={An integrated-nanophotonics polarization beamsplitter with 2.4 × 2.4 μm2 footprint},
  author={Bing, Shen and Peng, Wang and Polson, Randy and Menon, Rajesh},
  journal={Nature Photonics},
  volume={9},
  number={6},
  pages={378-382},
  year={2015},
} %31

@article{Xie2018Ultra,
  title={Ultra-broadband on-chip twisted light emitter for optical communications},
  author={Xie, Zhenwei and Lei, Ting and Fan, Li and Qiu, Haodong and Zhang, Zecen and Hong, Wang and Min, Changjun and Du, Luping and Li, Zhaohui and Yuan, Xiaocong},
  journal={Light: Science and Applications},
  volume={7},
  number={4},
  pages={18001},
  year={2018},
} %32

@article{Zheludev2012From,
  title={From metamaterials to metadevices},
  author={Zheludev, Nikolay I. and Kivshar, Yuri S.},
  journal={Nature Materials},
  volume={11},
  number={11},
  pages={917-24},
  year={2012},
} %33
%34 - 23

@article{Shen2016Increasing,
  title={Increasing the density of passive photonic-integrated circuits via nanophotonic cloaking},
  author={Shen, Bing and Polson, Randy and Menon, Rajesh},
  journal={Nature Communications},
  volume={7},
  pages={13126},
  year={2016},
} %35

@article{HongnanMetamaterial,
  title={Metamaterial-Based Maxwell's Fisheye Lens for Multimode Waveguide Crossing},
  author={Hongnan, Xu and Yaocheng, Shi},
  journal={Laser and Photonics Reviews},
  year={0},
} %36

@Misc{Genetic,
howpublished = {\url{https://github.com/handcraftsman/}},
title = {Algorithms with Python by Clinton Sheppard},
year={2019},
author={Genetic},
} %37


@book{2011yanshuhua,
  title={衍射微光学设计},
  author={颜树华},
  year={2011},
} %38

@Misc{kay,
howpublished = {\url{https://www.ise.ncsu.edu/people/kay/}},
title = {GAOT},
year={2019},
author={Michael Kay},
} %39

@Misc{geatbx,
howpublished = {\url{http://geatbx.com/}},
title = {geatbx},
year={2019},
author={Hartmut Pohlheim},
} %40

@Misc{deap,
howpublished = {\url{https://github.com/DEAP/deap}},
title = {deap},
year={2019},
author={François-Michel De Rainville},
} %41

@book{Matlab,
  title={Optics using Matlab},
  author={Scott W. Teare},
  year={2017},
} %42

@article{Hornby2010Automated,
  title={Automated Antenna Design with Evolutionary Algorithms},
  author={Hornby, Gregory S and Globus, Al and Linden, Derek S and Lohn, Jason D},
  journal={Aiaa Journal},
  year={2010},
} %43

@article{Fu2016Broadband,
  title={Broadband optical waveguide couplers with arbitrary coupling ratios designed using a genetic algorithm},
  author={Fu, Po Han and Tu, Yi Chou and Huang, Ding Wei},
  journal={Optics Express},
  volume={24},
  number={26},
  pages={30547-30561},
  year={2016},
} %44

@article{Zejie2017Genetically,
  title={Genetically optimized on-chip wideband ultracompact reflectors and Fabry–Perot cavities},
  author={Zejie, Y. U. and Cui, Haoran and Sun, Xiankai},
  journal={Photonics Research},
  volume={5},
  number={6},
  pages={B15},
  year={2017},
} %45

@article{Pablo2009Highly,
  title={Highly efficient crossing structure for silicon-on-insulator waveguides},
  author={Pablo, Sanchis. and Pablo, Villalba. and Francisco, Cuesta. and Andreas, H?Kansson. and Amadeu, Griol. and Galán, José V. and Antoine, Brimont. and Javier, Martí.},
  journal={Optics Letters},
  volume={34},
  number={18},
  pages={2760-2762},
  year={2009},
} %46

@article{Sanchis2004Integrated,
  title={Integrated Optical Devices Design by Genetic Algorithm},
  author={Sanchis, L. and Hakansson, A. and Lopezzenon, D. and Bravoabad, J. and Sanchezdehesa, J.},
  journal={Applied Physics Letters},
  volume={84},
  number={22},
  pages={4460-4462},
  year={2004},
} %47

@article{Jyun2014Genetic,
  title={Genetic algorithms optimization of photonic crystal fibers for half diffraction angle reduction of output beam},
  author={Jyun-Hong, Lu and Dong-Po, Cai and Ya-Lun, Tsai and Chii-Chang, Chen and Chu-En, Lin and Ta-Jen, Yen},
  journal={Optics Express},
  volume={22},
  number={19},
  pages={22590-7},
  year={2014},
} %48

@Misc{smf,
howpublished = {\url{https://www.itu.int/rec/T-REC-G.652}},
title = {G.652},
year={2019},
author={SMF},
} %49


@article{Shoji2002Low,
  title={Low loss mode size converter from 0.3 μm square Si wire waveguides to singlemode fibres},
  author={Shoji, T. and Tsuchizawa, T. and Watanabe, T. and Yamada, K. and Morita, H.},
  journal={Electronics Letters},
  volume={38},
  number={25},
  pages={1669-1670},
  year={2002},
} %50

@article{Sharee2003Ultra,
  title={Ultra-low loss photonic integrated circuit with membrane-type photonic crystal waveguides},
  author={Sharee, Mc Nab. and Nikolaj, Moll. and Yurii, Vlasov.},
  journal={Optics Express},
  volume={11},
  number={22},
  pages={2927-39},
  year={2003},
} %51

@book{Dirkgrating,
  title={Ghent University Dissertation: grating coupler as interface between optical fibres and nanophotonic waveguides},
  author={Dirk taillaert},
  year={2006},
} %52


@book{Kevingrating,
  title={Brigham Young University Dissertation: THEORY, DESIGN, AND FABRICATION OF DIFFRACTIVE GRATING COUPLER FOR SLAB WAVEGUIDE},
  author={Kevin Randolph Harper },
  year={2009},
} %53

@article{Yang2016Ultra,
  title={Ultra-low temperature silicon nitride photonic integration platform},
  author={Yang, Chunchuan and Zhang, Fangxing and Chen, Hui and Jian, Jian and Zhou, Lidan and Liu, Lin and Yu, Siyuan and Zhang, Yanfeng and Chen, Yujie and Fan, Zeming},
  journal={Optics Express},
  volume={24},
  number={3},
  pages={1865},
  year={2016},
} %54

@inproceedings{Subramanian2016Silicon,
  title={Silicon Photonics: Silicon Nitride Versus Silicon-on-insulator},
  author={Subramanian, Ananth Z. and Kuyken, Bart and Thourhout, Dries Van and Roelkens, Gunther and Thomas, Nicolas Le and Bienstman, Peter and Helin, Philippe and Baets, Roel G. F. and Severi, Simone and Clemmen, Stéphane},
  booktitle={Optical Fiber Communications Conference and Exhibition},
  year={2016}, 
} %55

@article{Rahim2017Expanding,
  title={Expanding the Silicon Photonics Portfolio with Silicon Nitride Photonic Integrated Circuits},
  author={Rahim, Abdul and Ryckeboer, Eva and Subramanian, Ananth and Clemmen, Stephane and Kuyken, Bart and Dhakal, Ashim and Raza, Ali and Hermans, Artur and Muneeb, Muhammed and Dhoore, Soren},
  journal={Journal of Lightwave Technology},
  volume={PP},
  number={99},
  pages={1-1},
  year={2017},
} %56

@article{Mu2017Silicon,
  title={Silicon Nitride Photonic Integration Platforms for Visible, Near-Infrared and Mid-Infrared Applications},
  author={Muñoz, P and Micó, G and Bru, L. A. and Pastor, D and Pérez, D and Doménech, J. D. and Fernández, J and Baños, R and Gargallo, B and Alemany, R},
  journal={Sensors},
  volume={17},
  number={9},
  pages={2088},
  year={2017},
} %57

@article{Shainline2017Room,
  title={Room-temperature-deposited dielectrics and superconductors for integrated photonics},
  author={Shainline, J. M. and Buckley, S. M. and Nader, N and Gentry, C. M. and Cossel, K. C. and Cleary, J. W. and Popović, M and Newbury, N. R. and Nam, S. W. and Mirin, R. P.},
  journal={Optics Express},
  volume={25},
  number={9},
  pages={10322},
  year={2017},
} %58

@article{Zhang2014High,
  title={High efficiency silicon nitride grating coupler},
  author={Zhang, Huijuan and Li, Chao and Tu, Xiaoguang and Luo, Xianshu and Yu, Mingbin and Lo, Guo Qiang},
  journal={Applied Physics A},
  volume={115},
  number={1},
  pages={79-82},
  year={2014},
} %59

@article{Doerr2010Wide,
  title={Wide Bandwidth Silicon Nitride Grating Coupler},
  author={Doerr, C. R. and Chen, Long and Chen, Young Kai and Buhl, Larry L. and Doerr, C. R. and Chen, Long and Buhl, Larry L.},
  journal={IEEE Photonics Technology Letters},
  volume={22},
  number={19},
  pages={1461-1463},
  year={2010},
} %60

@article{Cheng2016Compact,
  title={Compact Grating Coupler for 700-nm Silicon Nitride Strip Waveguides},
  author={Cheng, Zeng and Li, Danping and Ge, Gao and Xia, Jinsong and Huang, Qinzhong and Zhao, Xiangjie and Yi, Wang and Huang, Zengzhi},
  journal={Journal of Lightwave Technology},
  volume={34},
  number={4},
  pages={1322-1327},
  year={2016},
} %61

@article{Huijuan2014Efficient,
  title={Efficient silicon nitride grating coupler with distributed Bragg reflectors},
  author={Huijuan, Zhang. and Chao, Li. and Xiaoguang, Tu. and Junfeng, Song. and Haifeng, Zhou. and Xianshu, Luo. and Ying, Huang.and Mingbin, Yu. and Lo, G Q.},
  journal={Optics Express},
  volume={22},
  number={18},
  pages={21800-5},
  year={2014},
} %62

@article{Sacher2014Wide,
  title={Wide bandwidth and high coupling efficiency Si3N4-on-SOI dual-level grating coupler},
  author={Sacher, Wesley D. and Ying, Huang. and Liang, Ding. and Taylor, Benjamin J F. and Hasitha, Jayatilleka. and Guo-Qiang, Lo.and Poon, Joyce K S.},
  journal={Optics Express},
  volume={22},
  number={9},
  pages={10938-47},
  year={2014},
} %63

@article{Jinghui2015Ultra,
  title={Ultra efficient silicon nitride grating coupler with bottom grating reflector},
  author={Jinghui, Zou and Yu, Yu and Mengyuan, Ye and Lei, Liu and Shupeng, Deng and Xinliang, Zhang},
  journal={Optics Express},
  volume={23},
  number={20},
  pages={26305},
  year={2015},
} %64.

@article{Chen2016High,
  title={High-efficiency apodized-imaging chip-fiber grating coupler for silicon nitride waveguides},
  author={Chen, Y. and Halir, R and Molina-Fernández, Í and Cheben, P and He, J. J.},
  journal={Optics Letters},
  volume={41},
  number={21},
  pages={5059-5062},
  year={2016},
} %65

@article{Chen2017Experimental,
  title={Experimental demonstration of an apodized-imaging chip-fiber grating coupler for Si3N4 waveguides},
  author={Chen, Y. and Domínguez, Bucio T and Khokhar, A. Z. and Banakar, M and Grabska, K and Gardes, F. Y. and Halir, R and Molina-Fernández, Í and Cheben, P and He, J. J.},
  journal={Optics Letters},
  volume={42},
  number={18},
  pages={3566},
  year={2017},
} %66f

@article{Hochberg2010Towards,
  title={Towards fabless silicon photonics},
  author={Hochberg, Michael. and Baehrjones, Tom.},
  journal={Nature Photonics},
  volume={4},
  number={8},
  pages={492-494},
  year={2010},
} %67

@book{Bathe2000Finite,
  title={Finite Element Method},
  author={Bathe, Klaus‐Jürgen},
  year={2000},
} %68

@article{Jeunhomme1989Single,
  title={Single-Mode Fiber Optics: Prinicples and Applications, Second Edition,},
  author={Jeunhomme},
  journal={Journal of Modern Optics},
  year={1989},
} %69

@Misc{chromium,
howpublished = {\url{http://www.docbrown.info/page07/transition04Cr.htm}},
title = {solved in acid-based NH3 solution},
year={2019},
author={Chromium},
} %70


@article{Xu2017High,
  title={High-efficiency wideband SiNx-on-SOI grating coupler with low fabrication complexity},
  author={Xu, P. and Zhang, Y. and Shao, Z. and Liu, L. and Zhou, L. and Yang, C. and Chen, Y. and Yu, S.},
  journal={Optics Letters},
  volume={42},
  number={17},
  pages={3391-3394},
  year={2017},
} %71

@article{Xie:15,
author = {Weiqiang Xie and Yunpeng Zhu and Tangi Aubert and Steven Verstuyft and Zeger Hens and Dries Van Thourhout},
journal = {Opt. Express},
keywords = {Integrated optics; Waveguides; Nanomaterials; Diode lasers; Optical devices; Optical lithography; Polymer waveguides; Scanning electron microscopy; Whispering gallery modes},
number = {9},
pages = {12152--12160},
publisher = {OSA},
title = {Low-loss silicon nitride waveguide hybridly integrated with colloidal quantum dots},
volume = {23},
month = {May},
year = {2015},
url = {http://www.opticsexpress.org/abstract.cfm?URI=oe-23-9-12152},
doi = {10.1364/OE.23.012152},
} %72

@article{Geyter2012From,
  title={From fabrication to mode mapping in silicon nitride microdisks with embedded colloidal quantum dots},
  author={Geyter, Bram De and Komorowska, Katarzyna and Brainis, Edouard and Emplit, Philippe and Geiregat, Pieter and Hassinen, Antti and Thourhout, Dries Van and Hens, Zeger},
  journal={Applied Physics Letters},
  volume={101},
  number={16},
  pages={557},
  year={2012},
} %73

@article{Yoo2016Heterogeneous,
  title={Heterogeneous 2D/3D photonic integrated microsystems},
  author={Yoo, S. J. Ben and Guan, Binbin and Scott, Ryan P.},
  volume={2},
  pages={16030},
  year={2016},
} %74


@article{Dong2016Silicon,
  title={Silicon Photonic Integrated Circuits for Wavelength-Division Multiplexing Applications},
  author={Dong, Po},
  journal={IEEE Journal of Selected Topics in Quantum Electronics},
  volume={22},
  number={6},
  pages={370-378},
  year={2016},
} %76

@article{Bauters2014Low,
  title={Low-Loss Silicon Nitride AWG Demultiplexer Heterogeneously Integrated With Hybrid III–V/Silicon Photodetectors},
  author={Bauters, Jared F. and Bowers, John E. and Heck, Martijn J. R. and Davenport, Michael L. and Piels, Molly},
  journal={Journal of Lightwave Technology},
  volume={32},
  number={4},
  pages={817-823},
  year={2014},
} %77

@article{Majid2014High,
  title={High-efficiency and wideband interlayer grating couplers in multilayer Si/SiO2/SiN platform for 3D integration of optical functionalities},
  author={Majid, Sodagar. and Reza, Pourabolghasem. and Eftekhar, Ali A. and Ali, Adibi.},
  journal={Optics Express},
  volume={22},
  number={14},
  pages={16767-77},
  year={2014},
} %78

@article{Kuanping2015Low,
  title={Low-loss compact multilayer silicon nitride platform for 3D photonic integrated circuits},
  author={Kuanping, Shang. and Shibnath, Pathak. and Binbin, Guan. and Guangyao, Liu.and Yoo, S J B.},
  journal={Optics Express},
  volume={23},
  number={16},
  pages={21334-21342},
  year={2015},
} %79

@article{Jones2013Ultra,
  title={Ultra-low crosstalk, CMOS compatible waveguide crossings for densely integrated photonic interconnection networks},
  author={Jones, Adam M. and Derose, Christopher T. and Lentine, Anthony L. and Trotter, Douglas C. and Starbuck, Andrew L. and Norwood, Robert A.},
  journal={Optics Express},
  volume={21},
  number={10},
  pages={12002-12013},
  year={2013},
} %80

@article{Sacher:17,
author = {Wesley D. Sacher. and Jared C. Mikkelsen. and Patrick Dumais. and Jia Jiang. and Dominic Goodwill. and Xianshu Luo. and Ying Huang. and Yisu Yang. and Antoine Bois. and Patrick Guo-Qiang Lo. and Eric Bernier. and Joyce K. S. Poon.},
journal = {Opt. Express},
keywords = {Integrated optics; Waveguides; Optical switching devices ; Array waveguide devices; Deep ultraviolet; Electron beam lithography; Finite difference time domain; Refractive index; Swept lasers},
number = {25},
pages = {30862--30875},
publisher = {OSA},
title = {Tri-layer silicon nitride-on-silicon photonic platform for ultra-low-loss crossings and interlayer transitions},
volume = {25},
month = {Dec},
year = {2017},
url = {http://www.opticsexpress.org/abstract.cfm?URI=oe-25-25-30862},
doi = {10.1364/OE.25.030862},
} %81



@book{Foundations,
  title={Foundations for guide-wave optics},
  author={C.L.Chen},
  year={2005},
} %82

@article{Marcatili1969Dielectric,
  title={Dielectric Rectangular Waveguide and Directional Coupler for Integrated Optics},
  author={Marcatili, E. A. J.},
  journal={Bell Labs Technical Journal},
  volume={48},
  number={7},
  pages={2071-2102},
  year={1969},
} %83

@article{Trinh1995Integrated,
  title={Integrated optical directional couplers in silicon-on-insulator},
  author={Trinh, P. D. and Yegnanarayanan, S. and Jalali, B.},
  journal={Electronics Letters},
  volume={31},
  number={24},
  pages={2097-2098},
  year={1995},
} %84

@article{Luyssaert2005Efficient,
  title={Efficient Nonadiabatic Planar Waveguide Tapers},
  author={Luyssaert, Bert and Bienstman, Peter and Vandersteegen, Peter and Dumon, Pieter and Baets, Roel},
  journal={Journal of Lightwave Technology},
  volume={23},
  number={8},
  pages={2462-2468},
  year={2005},
} %85

@article{Piggott2017Fabrication,
  title={Fabrication-constrained nanophotonic inverse design},
  author={Piggott, A. Y. and Petykiewicz, J and Su, L. and VuäKoviä, J},
  journal={Sci Rep},
  volume={7},
  number={1},
  pages={1786},
  year={2017},
} %86

%87 - 30

@book{Alexander,
  title={AUTOMATED DESIGN OF PHOTONIC DEVICES},
  author={Alexander Y. Piggott },
  year={STANFORD UNIVERSITY Dissertation},
} %88

@article{Xu:19,
author = {Pengfei Xu and Yanfeng Zhang and Shuailong Zhang and Yujie Chen and Siyuan Yu},
journal = {Opt. Lett.},
keywords = {Light propagation; Light wavelength; Mode conversion; Phase matching; Scanning electron microscopy; Thin films},
number = {5},
pages = {1230--1233},
publisher = {OSA},
title = {SiNx\&\#x2013;Si interlayer coupler using a gradient index metamaterial},
volume = {44},
month = {Mar},
year = {2019},
url = {http://ol.osa.org/abstract.cfm?URI=ol-44-5-1230},
doi = {10.1364/OL.44.001230},
} %89

@article{Rybin2015Phase,
  title={Phase diagram for the transition from photonic crystals to dielectric metamaterials},
  author={Rybin, Mikhail V. and Filonov, Dmitry S. and Samusev, Kirill B. and Belov, Pavel A. and Kivshar, Yuri S. and Limonov, Mikhail F.},
  journal={Nature Communications},
  volume={6},
  year={2015},
} %90

@article{Zhao2009Mie,
  title={Mie resonance-based dielectric metamaterials},
  author={Zhao, Qian and Zhou, Ji and Zhang, Fuli and Lippens, Didier},
  journal={Materials Today},
  volume={12},
  number={12},
  pages={60-69},
  year={2009},
} %91

@article{Vynck2009All,
  title={All-dielectric rod-type metamaterials at optical frequencies},
  author={Vynck, K. and Felbacq, D.  and Centeno, E.  and C?Buz, A I. and Cassagne, D.  and Guizal, B.},
  journal={Physical Review Letters},
  volume={102},
  number={13},
  pages={133901},
  year={2009},
} %92

@article{Shi2007Effects,
  title={Effects induced by Mie resonance in two-dimensional photonic crystals.},
  author={Shi, Lina and Jiang, Xunya and Li, Chengfang},
  journal={Journal of Physics Condensed Matter An Institute of Physics Journal},
  volume={19},
  number={17},
  pages={176214},
  year={2007},
} %93

@article{Foteinopoulou2012Photonic,
  title={Photonic crystals as metamaterials},
  author={Foteinopoulou, S.},
  journal={Physica B Condensed Matter},
  volume={407},
  number={20},
  pages={4056-4061},
  year={2012},
} %94

@article{Mee2005High,
  title={High-index-contrast waveguides and devices},
  author={Mee-Koy, Chin and Chee-Wei, Lee and Shuh-Ying, Lee and Stevanus, Darmawan},
  journal={Applied Optics},
  volume={44},
  number={15},
  pages={3077-86},
  year={2005},
} %95

@article{Smith2000Composite,
  title={Composite medium with simultaneously negative permeability and permittivity},
  author={Smith, D. R. and Padilla, Willie J. and Vier, D. C. and Nemat-Nasser, S. C. and Schultz, S.},
  journal={Physical Review Letters},
  volume={84},
  number={18},
  pages={4184},
  year={2000},
} %96

@article{Schurig2006Metamaterial,
  title={Metamaterial electromagnetic cloak at microwave frequencies},
  author={Schurig, D. and Mock, J J. and Justice, B J. and Cummer, S A. and Pendry, J B. and Starr, A F. and Smith, D R.},
  journal={Science},
  volume={314},
  number={5801},
  pages={977-980},
  year={2006},
} %97

@article{Munk2002Frequency,
  title={Frequency selective surfaces: theory and design [Book Review]},
  author={Munk, Ben},
  journal={IEEE Signal Processing Magazine},
  volume={18},
  number={1},
  pages={94-94},
  year={2002},
} %98

@ARTICLE{Optical2006, 
author={V. S. {Ilchenko} and A. B. {Matsko}}, 
journal={IEEE Journal of Selected Topics in Quantum Electronics}, 
title={Optical resonators with whispering-gallery modes-part II: applications}, 
year={2006}, 
volume={12}, 
number={1}, 
pages={15-32}, 
doi={10.1109/JSTQE.2005.862943}, 
ISSN={1077-260X}, 
month={Jan},} %99

@article{Bogaerts2015Silicon,
  title={Silicon microring resonators},
  author={Bogaerts, W and De Heyn, P and Van Vaerenbergh, T and De Vos, K and Kumar Selvaraja, S and Claes, T and Dumon, P and Bienstman, P and Van Thourhout, D and Baets, R},
  journal={Laser \& Photonics Reviews},
  volume={6},
  number={1},
  pages={47-73},
  year={2015},
} %100

@article{Chen2017Silicon,
  title={Silicon nitride O-band (de)multiplexers with low thermal sensitivity},
  author={Chen, Daigao and Gao, Ge and Xia, Jinsong and Zhu, Shanlin and Tao, Shiqi and Xiao, Xi and Zhang, Yinglu},
  journal={Optics Express},
  volume={25},
  number={11},
  pages={12260},
  year={2017},
} %101

@article{Daoxin2011Low,
  title={Low-loss Si3N4 arrayed-waveguide grating (de)multiplexer using nano-core optical waveguides},
  author={Daoxin, Dai. and Zhi, Wang. and Bauters, Jared F. and M-C, Tien. and Heck, Martijn J R. and Blumenthal, Daniel J. and Bowers, John E.},
  journal={Optics Express},
  volume={19},
  number={15},
  pages={14130-6},
  year={2011},
} %102

@article{Jiang2011Slab,
  title={Slab-Modulated Sidewall Bragg Gratings in Silicon-on-Insulator Ridge Waveguides},
  author={Jiang, Guomin and Chen, Ruiyi and Qiang, Zhou and Yang, Jianyi and Wang, Minghua and Jiang, Xiaoqing},
  journal={IEEE Photonics Technology Letters},
  volume={23},
  number={1},
  pages={6-8},
  year={2011},
} %103

@article{Magden2018Transmissive,
  title={Transmissive silicon photonic dichroic filters with spectrally selective waveguides},
  author={Magden, Emir Salih and Li, Nanxi and Raval, Manan and Poulton, Christopher V. and Ruocco, Alfonso and Singh, Neetesh and Vermeulen, Diedrik and Ippen, Erich P. and Kolodziejski, Leslie A. and Watts, Michael R.},
  journal={Nature Communications},
  volume={9},
  number={1},
  pages={3009-},
  year={2018},
} %104

@article{Yangjin2013Ultralow,
  title={Ultralow loss single layer submicron silicon waveguide crossing for SOI optical interconnect},
  author={Yangjin, Ma and Yi, Zhang and Shuyu, Yang and Ari, Novack and Ran, Ding and Andy Eu-Jin, Lim and Guo-Qiang, Lo and Tom, Baehr Jones and Michael, Hochberg},
  journal={Optics Express},
  volume={21},
  number={24},
  pages={29374-29382},
  year={2013},
} %105

%---------------------------------------------------------------------------%
